@article{dalibard,
  title = {Periodically Driven Quantum Systems: Effective Hamiltonians and Engineered Gauge Fields},
  author = {Goldman, N. and Dalibard, J.},
  journal = {Phys. Rev. X},
  volume = {4},
  issue = {3},
  pages = {031027},
  numpages = {29},
  year = {2014},
  month = {Aug},
  publisher = {American Physical Society},
  doi = {10.1103/PhysRevX.4.031027},
  url = {http://link.aps.org/doi/10.1103/PhysRevX.4.031027}
}


@misc{ Nobody06,
       author = "Nobody Jr",
       title = "My Article",
       year = "2006"
}

@inproceedings{kendall2007practical,
  title={Practical malware analysis},
  author={Kendall, Kris and McMillan, Chad},
  booktitle={Black Hat Conference, USA},
  pages={10},
  year={2007}
}

@article{cmu-malware,
  title={Malware Capability Development Patterns Respond To Defenses: Two Case Studies},
  author={Oâ€™Meara, Kyle and Shick, Deana and Spring, Jonathan and Stoner, Edward},
  year={2016}
}

@online{cyber-killchain,
	title = {Cyber Kill Chain},
	url = {http://cyber.lockheedmartin.com/solutions/cyber-kill-chain
},
	titleaddon = {{Lockheed Martin}},
	urldate = {2016-03-20}
}